<?xml version="1.0" encoding="utf-8"?>
<record xmlns="http://www.loc.gov/MARC21/slim" xmlns:xsi="http://www.w3.org/2001/XMLSchema-instance" xsi:schemaLocation="http://www.loc.gov/MARC21/slim http://www.loc.gov/standards/marcxml/schema/MARC21slim.xsd">
	<leader>     nam a22     Mi 4500</leader>
	<controlfield tag="001">b12530657</controlfield>
	<controlfield tag="003">LeBAU</controlfield>
	<controlfield tag="006">m        d        </controlfield>
	<controlfield tag="007">cr cn |||m|||a</controlfield>
	<controlfield tag="008">210702m19481950ua      ob    ||0 0 ara d</controlfield>
	<datafield ind1=" " ind2=" " tag="040">
		<subfield code="a">ZYU</subfield>
		<subfield code="b">ara</subfield>
		<subfield code="e">rda</subfield>
		<subfield code="c">ZYU</subfield>
	</datafield>
	<datafield ind1="0" ind2="4" tag="082">
		<subfield code="a">892.709</subfield>
		<subfield code="2">23</subfield>
	</datafield>
	<datafield ind1="1" ind2=" " tag="100">
		<subfield code="6">880-01</subfield>
		<subfield code="a">Dasūqī, ʻUmar.</subfield>
		<subfield code="e">author.</subfield>
		<subfield code="0">http://id.loc.gov/authorities/names/n84145936 ,</subfield>
	</datafield>
	<datafield ind1="1" ind2="0" tag="245">
		<subfield code="6">880-02</subfield>
		<subfield code="a">Fī al-adab al-ḥadīth /</subfield>
		<subfield code="c">taʼlīf ʻUmar al-Dasūqī, al-ustādh bi-Kullīyat Dār al-ʻUlūm bi-Jāmiʻat Fuʼād al-Awwal.</subfield>
	</datafield>
	<datafield ind1=" " ind2="1" tag="264">
		<subfield code="6">880-03</subfield>
		<subfield code="a">[al-Qāhirah] :</subfield>
		<subfield code="b">Dār al-Fikr al-ʻArabī,</subfield>
		<subfield code="c">1948-1950.</subfield>
	</datafield>
	<datafield ind1=" " ind2=" " tag="300">
		<subfield code="6">880-04</subfield>
		<subfield code="a">online resource (2 volumes)</subfield>
	</datafield>
	<datafield ind1=" " ind2=" " tag="336">
		<subfield code="a">text</subfield>
		<subfield code="2">rdacontent</subfield>
	</datafield>
	<datafield ind1=" " ind2=" " tag="337">
		<subfield code="a">computer</subfield>
		<subfield code="2">rdamedia</subfield>
	</datafield>
	<datafield ind1=" " ind2=" " tag="338">
		<subfield code="a">online resource</subfield>
		<subfield code="2">rdacarrier</subfield>
	</datafield>
	<datafield ind1=" " ind2=" " tag="500">
		<subfield code="a">Part of the Arabic Collections Online (ACO) project, contributed by American University of Beirut's Jafet Memorial Library.</subfield>
	</datafield>
	<datafield ind1=" " ind2=" " tag="533">
		<subfield code="a">Electronic reproduction.</subfield>
		<subfield code="b">New York, N.Y. :</subfield>
		<subfield code="c">New York University,</subfield>
		<subfield code="d">2021.</subfield>
		<subfield code="5">NNU</subfield>
	</datafield>
	<datafield ind1=" " ind2="0" tag="650">
		<subfield code="6">880-05</subfield>
		<subfield code="a">Arabic literature</subfield>
		<subfield code="x">History and criticism.</subfield>
	</datafield>
	<datafield ind1="2" ind2=" " tag="710">
		<subfield code="a">Jafet Memorial Library.</subfield>
	</datafield>
	<datafield ind1="0" ind2=" " tag="730">
		<subfield code="a">Arabic Collections Online.</subfield>
	</datafield>
	<datafield ind1="0" ind2="8" tag="775">
		<subfield code="6">880-06</subfield>
		<subfield code="i">has designation of a named revision of an edition</subfield>
		<subfield code="4">http://rdaregistry.info/Elements/m/P30132 :</subfield>
		<subfield code="a">Dasūqī, ʻUmar.</subfield>
		<subfield code="t">Fī al-adab al-ḥadīth.</subfield>
		<subfield code="b">al-Ṭabʻah al-thāniyah, mazīdah wa-munaqqaḥah.</subfield>
		<subfield code="d">[al-Qāhirah] : Dār al-Fikr al-ʻArabī, 1370 [H.] = 1951 [M.]</subfield>
		<subfield code="w">(LEAUB)b25922257</subfield>
	</datafield>
	<datafield ind1="0" ind2="8" tag="775">
		<subfield code="6">880-07</subfield>
		<subfield code="i">has designation of a named revision of an edition</subfield>
		<subfield code="4">http://rdaregistry.info/Elements/m/P30132 :</subfield>
		<subfield code="a">Dasūqī, ʻUmar.</subfield>
		<subfield code="t">Fī al-adab al-ḥadīth.</subfield>
		<subfield code="b">al-Ṭabʻah 8, mazīdah wa-munaqqaḥah.</subfield>
		<subfield code="d">[Bayrūt] : Dār al-Fikr, 1973</subfield>
		<subfield code="w">(LEAUB)b21067223</subfield>
	</datafield>
	<datafield ind1="0" ind2="8" tag="776">
		<subfield code="i">Print version:</subfield>
		<subfield code="a">Dasūqī, ʻUmar. author. http://id.loc.gov/authorities/names/n84145936 ,</subfield>
		<subfield code="t">Fī al-adab al-ḥadīth</subfield>
		<subfield code="w">(LeBAU)b12530657</subfield>
	</datafield>
	<datafield ind1="4" ind2="0" tag="856">
		<subfield code="u">http://hdl.handle.net/2333.1/rbnzsk3g</subfield>
	</datafield>
	<datafield ind1="1" ind2=" " tag="880">
		<subfield code="6">100-01</subfield>
		<subfield code="a">الدسوقي، عمر،</subfield>
		<subfield code="0">http://id.loc.gov/authorities/names/n84145936 ,</subfield>
		<subfield code="e">مؤلف.</subfield>
		<subfield code="4">aut.</subfield>
	</datafield>
	<datafield ind1="1" ind2="0" tag="880">
		<subfield code="6">245-02</subfield>
		<subfield code="a">في الأدب الحديث /</subfield>
		<subfield code="c">تأليف عمر الدسوقي، الاستاذ بكلية دار العلوم بجامعة فؤاد الأول.</subfield>
	</datafield>
	<datafield ind1=" " ind2="1" tag="880">
		<subfield code="6">264-03</subfield>
		<subfield code="a">[القاهرة] :</subfield>
		<subfield code="b">دار الفكر العربي،</subfield>
		<subfield code="c">1948-1950.</subfield>
	</datafield>
	<datafield ind1=" " ind2=" " tag="880">
		<subfield code="6">300-04</subfield>
		<subfield code="a">2 جزء ؛</subfield>
		<subfield code="c">21-24 سم</subfield>
	</datafield>
	<datafield ind1=" " ind2=" " tag="880">
		<subfield code="6">500-00</subfield>
		<subfield code="a">الجزء الثاني، طبعة اولى.</subfield>
	</datafield>
	<datafield ind1=" " ind2=" " tag="880">
		<subfield code="6">504-00</subfield>
		<subfield code="a">يتضمن مراجع ببليوغرافية.</subfield>
	</datafield>
	<datafield ind1="0" ind2=" " tag="880">
		<subfield code="6">505-00</subfield>
		<subfield code="a">الجزء الثاني: الشعر بعد البارودي.</subfield>
	</datafield>
	<datafield ind1=" " ind2="4" tag="880">
		<subfield code="6">650-05</subfield>
		<subfield code="a">الادب العربي</subfield>
		<subfield code="x">تاريخ ونقد.</subfield>
	</datafield>
	<datafield ind1="0" ind2="8" tag="880">
		<subfield code="6">775-06</subfield>
		<subfield code="i">دلالة على طبعة منقحة</subfield>
		<subfield code="4">http://rdaregistry.info/Elements/m/P30132 :</subfield>
		<subfield code="a">الدسوقي، عمر.</subfield>
		<subfield code="t">في الأدب الحديث.</subfield>
		<subfield code="b">الطبعة الثانية، مزيدة ومنقحة.</subfield>
		<subfield code="d">[القاهرة] : دار الفكر العربي، 1370 [هـ.] = 1951 [م.]</subfield>
		<subfield code="w">(LEAUB)b25922257</subfield>
	</datafield>
	<datafield ind1="0" ind2="8" tag="880">
		<subfield code="6">775-07</subfield>
		<subfield code="i">دلالة على طبعة منقحة</subfield>
		<subfield code="4">http://rdaregistry.info/Elements/m/P30132 :</subfield>
		<subfield code="a">الدسوقي، عمر.</subfield>
		<subfield code="t">في الأدب الحديث.</subfield>
		<subfield code="b">الطبعة 8، مزيدة ومنقحة.</subfield>
		<subfield code="d">[بيروت] : دار الفكر، 1973</subfield>
		<subfield code="w">(LEAUB)b21067223</subfield>
	</datafield>
	<datafield ind1=" " ind2=" " tag="959">
		<subfield code="a">NNU</subfield>
		<subfield code="b">WEB</subfield>
		<subfield code="c">GENI</subfield>
		<subfield code="t">0</subfield>
		<subfield code="m">Electronic access</subfield>
		<subfield code="s">01</subfield>
	</datafield>
	<datafield ind1=" " ind2=" " tag="999">
		<subfield code="i">LeBAU_b12530657</subfield>
		<subfield code="s">aub_aco004563:v.1</subfield>
		<subfield code="s">aub_aco004565:v.2</subfield>
		<subfield code="e">(ERROR-MISC)</subfield>
		<subfield code="s">aub_aco004563:v.1</subfield>
		<subfield code="s">aub_aco004565:v.2</subfield>
	</datafield>
</record>
